<record><leader>00000cas a22000007a 4500</leader><controlfield tag="001">10519983</controlfield><controlfield tag="008">840314d19841989gauwr ne      0   a0eng d</controlfield><datafield ind1=" " ind2=" " tag="010"><subfield code="a">sn 84009845 </subfield></datafield><datafield ind1=" " ind2=" " tag="040"><subfield code="a">NSD</subfield><subfield code="b">eng</subfield><subfield code="c">NSD</subfield><subfield code="d">NLG</subfield><subfield code="d">NSD</subfield><subfield code="d">GUA</subfield><subfield code="d">OCLCQ</subfield><subfield code="d">OCLCF</subfield><subfield code="d">OCLCO</subfield></datafield><datafield ind1=" " ind2=" " tag="012"><subfield code="j">0</subfield><subfield code="m">d</subfield></datafield><datafield ind1="1" ind2=" " tag="022"><subfield code="a">0747-0665</subfield><subfield code="l">0747-0665</subfield><subfield code="2">1</subfield></datafield><datafield ind1="1" ind2=" " tag="029"><subfield code="a">AU@</subfield><subfield code="b">000041034002</subfield></datafield><datafield ind1=" " ind2=" " tag="042"><subfield code="a">nsdp</subfield></datafield><datafield ind1=" " ind2=" " tag="043"><subfield code="a">n-us-ga</subfield></datafield><datafield ind1="0" ind2=" " tag="130"><subfield code="a">News-times (Martinez, Ga.)</subfield></datafield><datafield ind1=" " ind2="4" tag="222"><subfield code="a">The News-times</subfield><subfield code="b">(Martinez, Ga.)</subfield></datafield><datafield ind1="1" ind2="4" tag="245"><subfield code="a">The News-times.</subfield></datafield><datafield ind1="3" ind2="0" tag="246"><subfield code="a">Columbia news, Martinez Evans times</subfield></datafield><datafield ind1=" " ind2=" " tag="260"><subfield code="a">Martinez, Ga. :</subfield><subfield code="b">Columbia Pub. Co.,</subfield><subfield code="c">1984-1989.</subfield></datafield><datafield ind1=" " ind2=" " tag="300"><subfield code="a">v.</subfield></datafield><datafield ind1=" " ind2=" " tag="310"><subfield code="a">Weekly</subfield></datafield><datafield ind1="0" ind2=" " tag="362"><subfield code="a">Vol. 63, no. 30 (Feb. 29, 1984)-v. 68, no. 28 (Feb. 8, 1989).</subfield></datafield><datafield ind1=" " ind2=" " tag="500"><subfield code="a">Published, &lt;May 18, 1988-&gt; in: Evans, Ga.</subfield></datafield><datafield ind1=" " ind2=" " tag="530"><subfield code="a">Also on microfilm: Athens, Ga. : University of Georgia Libraries.</subfield></datafield><datafield ind1=" " ind2=" " tag="588"><subfield code="a">Latest issue consulted: Vol. 67, no. 42 (Wednesday, May 18, 1988).</subfield></datafield><datafield ind1=" " ind2="0" tag="651"><subfield code="a">Martinez (Ga.)</subfield><subfield code="v">Newspapers.</subfield></datafield><datafield ind1=" " ind2="0" tag="651"><subfield code="a">Columbia County (Ga.)</subfield><subfield code="v">Newspapers.</subfield></datafield><datafield ind1=" " ind2="7" tag="655"><subfield code="a">Newspapers.</subfield><subfield code="2">fast</subfield><subfield code="0">(OCoLC)fst01423814</subfield></datafield><datafield ind1=" " ind2="7" tag="651"><subfield code="a">Georgia</subfield><subfield code="z">Columbia County.</subfield><subfield code="2">fast</subfield><subfield code="0">(OCoLC)fst01207365</subfield></datafield><datafield ind1=" " ind2="7" tag="651"><subfield code="a">Georgia</subfield><subfield code="z">Martinez.</subfield><subfield code="2">fast</subfield><subfield code="0">(OCoLC)fst01258057</subfield></datafield><datafield ind1=" " ind2=" " tag="752"><subfield code="a">United States</subfield><subfield code="b">Georgia</subfield><subfield code="c">Columbia</subfield><subfield code="d">Martinez.</subfield></datafield><datafield ind1=" " ind2=" " tag="752"><subfield code="a">United States</subfield><subfield code="b">Georgia</subfield><subfield code="c">Columbia</subfield><subfield code="d">Evans.</subfield></datafield><datafield ind1="0" ind2="0" tag="780"><subfield code="t">Columbia news and the Martinez-Evans times</subfield><subfield code="w">(DLC)sn 89053382</subfield><subfield code="w">(OCoLC)20115406</subfield></datafield><datafield ind1="0" ind2="0" tag="785"><subfield code="t">Columbia news-times</subfield><subfield code="x">1053-7511</subfield><subfield code="w">(DLC)sn 90052334</subfield><subfield code="w">(OCoLC)19462482</subfield></datafield></record>